 # Origin of magnetic fields in the sun
 @BOOK{Parker1979,
 	author = {{Parker}, E.~N.},
 	title = "{Cosmical magnetic fields. Their origin and their activity}",
 	year = 1979,
 	adsurl = {https://ui.adsabs.harvard.edu/abs/1979cmft.book.....P},
 	adsnote = {Provided by the SAO/NASA Astrophysics Data System}
 }
 
 
 
 @BOOK{JudgeBook,
 	author = {{Judge}, Philip Gordon},
 	title = "{The Sun: A Very Short Introduction}",
 	year = 2020,
 	adsurl = {https://ui.adsabs.harvard.edu/abs/2020svsi.book.....J},
 	adsnote = {Provided by the SAO/NASA Astrophysics Data System}
 }
 
 @BOOK{Priest2014,
 	author = {{Priest}, Eric},
 	title = "{Magnetohydrodynamics of the Sun}",
 	year = 2014,
 	doi = {10.1017/CBO9781139020732},
 	adsurl = {https://ui.adsabs.harvard.edu/abs/2014masu.book.....P},
 	adsnote = {Provided by the SAO/NASA Astrophysics Data System}
 }
 
 
 
 @misc {SolarPhysicsOverview,
 	author = "E.R. Priest",
 	title = "Solar Physics: Overview",
 	year = "2020",
 	month = "07",
 	publisher = "Oxford University Press",
 	doi = "10.1093/acrefore/9780190871994.013.21",
 	url = "https://oxfordre.com/physics/view/10.1093/acrefore/9780190871994.001.0001/acrefore-9780190871994-e-21"
 }
 
 @ARTICLE{Temmer2021,
 	author = {{Temmer}, Manuela},
 	title = "{Space weather: the solar perspective}",
 	journal = {Living Reviews in Solar Physics},
 	keywords = {Space weather, Solar physics, CMEs, Flares, SEPs, Dynamic corona, Magnetic field, Astrophysics - Solar and Stellar Astrophysics, Physics - Space Physics},
 	year = 2021,
 	month = dec,
 	volume = {18},
 	number = {1},
 	eid = {4},
 	pages = {4},
 	doi = {10.1007/s41116-021-00030-3},
 	archivePrefix = {arXiv},
 	eprint = {2104.04261},
 	primaryClass = {astro-ph.SR},
 	adsurl = {https://ui.adsabs.harvard.edu/abs/2021LRSP...18....4T},
 	adsnote = {Provided by the SAO/NASA Astrophysics Data System}
 }

@ARTICLE{Brannon2015,
	author = {{Brannon}, S.~R. and {Longcope}, D.~W. and {Qiu}, J.},
	title = "{Spectroscopic Observations of an Evolving Flare Ribbon Substructure Suggesting Origin in Current Sheet Waves}",
	journal = {\apj},
	keywords = {Sun: chromosphere, Sun: flares, Sun: transition region, Astrophysics - Solar and Stellar Astrophysics},
	year = 2015,
	month = sep,
	volume = {810},
	number = {1},
	eid = {4},
	pages = {4},
	doi = {10.1088/0004-637X/810/1/4},
	archivePrefix = {arXiv},
	eprint = {1507.01554},
	primaryClass = {astro-ph.SR},
	adsurl = {https://ui.adsabs.harvard.edu/abs/2015ApJ...810....4B},
	adsnote = {Provided by the SAO/NASA Astrophysics Data System}
}

@ARTICLE{Fox2010,
	author = {{Fox}, J. Lewis and {Kankelborg}, Charles C. and {Thomas}, Roger J.},
	title = "{A Transition Region Explosive Event Observed in He II with the MOSES Sounding Rocket}",
	journal = {\apj},
	keywords = {instrumentation: spectrographs, space vehicles: instruments, Sun: transition region, Sun: UV radiation, techniques: imaging spectroscopy},
	year = 2010,
	month = aug,
	volume = {719},
	number = {2},
	pages = {1132-1143},
	doi = {10.1088/0004-637X/719/2/1132},
	adsurl = {https://ui.adsabs.harvard.edu/abs/2010ApJ...719.1132F},
	adsnote = {Provided by the SAO/NASA Astrophysics Data System}
}

@ARTICLE{Parker1957,
	author = {{Parker}, E.~N.},
	title = "{Sweet's Mechanism for Merging Magnetic Fields in Conducting Fluids}",
	journal = {\jgr},
	keywords = {MAGNETIC FIELDS, THEORY},
	year = 1957,
	month = dec,
	volume = {62},
	number = {4},
	pages = {509-520},
	doi = {10.1029/JZ062i004p00509},
	adsurl = {https://ui.adsabs.harvard.edu/abs/1957JGR....62..509P},
	adsnote = {Provided by the SAO/NASA Astrophysics Data System}
}

@INBOOK{Petschek1964,
	author = {{Petschek}, H.~E.},
	title = "{Magnetic Field Annihilation}",
	booktitle = {NASA Special Publication},
	year = 1964,
	volume = {50},
	pages = {425},
	adsurl = {https://ui.adsabs.harvard.edu/abs/1964NASSP..50..425P},
	adsnote = {Provided by the SAO/NASA Astrophysics Data System}
}


#AIA
@ARTICLE{Lemen2012,
	author = {{Lemen}, James R. and {Title}, Alan M. and {Akin}, David J. and {Boerner}, Paul F. and {Chou}, Catherine and {Drake}, Jerry F. and {Duncan}, Dexter W. and {Edwards}, Christopher G. and {Friedlaender}, Frank M. and {Heyman}, Gary F. and {Hurlburt}, Neal E. and {Katz}, Noah L. and {Kushner}, Gary D. and {Levay}, Michael and {Lindgren}, Russell W. and {Mathur}, Dnyanesh P. and {McFeaters}, Edward L. and {Mitchell}, Sarah and {Rehse}, Roger A. and {Schrijver}, Carolus J. and {Springer}, Larry A. and {Stern}, Robert A. and {Tarbell}, Theodore D. and {Wuelser}, Jean-Pierre and {Wolfson}, C. Jacob and {Yanari}, Carl and {Bookbinder}, Jay A. and {Cheimets}, Peter N. and {Caldwell}, David and {Deluca}, Edward E. and {Gates}, Richard and {Golub}, Leon and {Park}, Sang and {Podgorski}, William A. and {Bush}, Rock I. and {Scherrer}, Philip H. and {Gummin}, Mark A. and {Smith}, Peter and {Auker}, Gary and {Jerram}, Paul and {Pool}, Peter and {Soufli}, Regina and {Windt}, David L. and {Beardsley}, Sarah and {Clapp}, Matthew and {Lang}, James and {Waltham}, Nicholas},
	title = "{The Atmospheric Imaging Assembly (AIA) on the Solar Dynamics Observatory (SDO)}",
	journal = {\solphys},
	keywords = {Solar corona, Solar instrumentation, Solar imaging, Extreme ultraviolet},
	year = 2012,
	month = jan,
	volume = {275},
	number = {1-2},
	pages = {17-40},
	doi = {10.1007/s11207-011-9776-8},
	adsurl = {https://ui.adsabs.harvard.edu/abs/2012SoPh..275...17L},
	adsnote = {Provided by the SAO/NASA Astrophysics Data System}
}

@article{ESIS,
	
	year = {2021},
	author = {Roy T. Smart and
	Hans T. Courrier and
	Jacob D. Parker and
	Charles C. Kankelborg and
	Amy R. Winebarger and
	Ken Kobayashi and
	Brent Beabout and
	Dyana Beabout and
	Ben Carrol and
	Jonathan Cirtain and
	James A. Duffy and
	Carlos Gomez and
	Eric Gullikson and
	Micah Johnson and
	Laurel Rachmeler and
	Larry Springer and
	David L. Windt},
	title = {The EUV Snapshot Imaging Spectrograph (ESIS)},
	journal = {In preparation for ApJ}
}

@ARTICLE{IRIS,
	author = {{De Pontieu}, B. and {Title}, A.~M. and {Lemen}, J.~R. and {Kushner}, G.~D. and {Akin}, D.~J. and {Allard}, B. and {Berger}, T. and {Boerner}, P. and {Cheung}, M. and {Chou}, C. and {Drake}, J.~F. and {Duncan}, D.~W. and {Freeland}, S. and {Heyman}, G.~F. and {Hoffman}, C. and {Hurlburt}, N.~E. and {Lindgren}, R.~W. and {Mathur}, D. and {Rehse}, R. and {Sabolish}, D. and {Seguin}, R. and {Schrijver}, C.~J. and {Tarbell}, T.~D. and {W{\"u}lser}, J. -P. and {Wolfson}, C.~J. and {Yanari}, C. and {Mudge}, J. and {Nguyen-Phuc}, N. and {Timmons}, R. and {van Bezooijen}, R. and {Weingrod}, I. and {Brookner}, R. and {Butcher}, G. and {Dougherty}, B. and {Eder}, J. and {Knagenhjelm}, V. and {Larsen}, S. and {Mansir}, D. and {Phan}, L. and {Boyle}, P. and {Cheimets}, P.~N. and {DeLuca}, E.~E. and {Golub}, L. and {Gates}, R. and {Hertz}, E. and {McKillop}, S. and {Park}, S. and {Perry}, T. and {Podgorski}, W.~A. and {Reeves}, K. and {Saar}, S. and {Testa}, P. and {Tian}, H. and {Weber}, M. and {Dunn}, C. and {Eccles}, S. and {Jaeggli}, S.~A. and {Kankelborg}, C.~C. and {Mashburn}, K. and {Pust}, N. and {Springer}, L. and {Carvalho}, R. and {Kleint}, L. and {Marmie}, J. and {Mazmanian}, E. and {Pereira}, T.~M.~D. and {Sawyer}, S. and {Strong}, J. and {Worden}, S.~P. and {Carlsson}, M. and {Hansteen}, V.~H. and {Leenaarts}, J. and {Wiesmann}, M. and {Aloise}, J. and {Chu}, K. -C. and {Bush}, R.~I. and {Scherrer}, P.~H. and {Brekke}, P. and {Martinez-Sykora}, J. and {Lites}, B.~W. and {McIntosh}, S.~W. and {Uitenbroek}, H. and {Okamoto}, T.~J. and {Gummin}, M.~A. and {Auker}, G. and {Jerram}, P. and {Pool}, P. and {Waltham}, N.},
	title = "{The Interface Region Imaging Spectrograph (IRIS)}",
	journal = {\solphys},
	keywords = {Heating, chromospheric, coronal, Chromosphere, models, active, Corona, Magnetic fields, chromosphere, Instrumentation and data management, Spectrum, ultraviolet, Astrophysics - Solar and Stellar Astrophysics},
	year = 2014,
	month = jul,
	volume = {289},
	number = {7},
	pages = {2733-2779},
	doi = {10.1007/s11207-014-0485-y},
	archivePrefix = {arXiv},
	eprint = {1401.2491},
	primaryClass = {astro-ph.SR},
	adsurl = {https://ui.adsabs.harvard.edu/abs/2014SoPh..289.2733D},
	adsnote = {Provided by the SAO/NASA Astrophysics Data System}
}

@ARTICLE{DePontieu2021,
	author = {{De Pontieu}, Bart and {Polito}, Vanessa and {Hansteen}, Viggo and {Testa}, Paola and {Reeves}, Katharine K. and {Antolin}, Patrick and {N{\'o}brega-Siverio}, Daniel Elias and {Kowalski}, Adam F. and {Martinez-Sykora}, Juan and {Carlsson}, Mats and {McIntosh}, Scott W. and {Liu}, Wei and {Daw}, Adrian and {Kankelborg}, Charles C.},
	title = "{A New View of the Solar Interface Region from the Interface Region Imaging Spectrograph (IRIS)}",
	journal = {\solphys},
	keywords = {Heating, chromospheric, coronal, Chromosphere, models, active, Corona, Magnetic fields, chromosphere, Instrumentation and data management, Spectrum, ultraviolet, Astrophysics - Solar and Stellar Astrophysics},
	year = 2021,
	month = may,
	volume = {296},
	number = {5},
	eid = {84},
	pages = {84},
	doi = {10.1007/s11207-021-01826-0},
	archivePrefix = {arXiv},
	eprint = {2103.16109},
	primaryClass = {astro-ph.SR},
	adsurl = {https://ui.adsabs.harvard.edu/abs/2021SoPh..296...84D},
	adsnote = {Provided by the SAO/NASA Astrophysics Data System}
}



@ARTICLE{DescourDereniakCTIS1995,
	author = {{Descour}, Michael and {Dereniak}, Eustace},
	title = "{Computed-tomography imaging spectrometer: experimental calibration and reconstruction results}",
	journal = {\ao},
	keywords = {IMAGING SYSTEMS, SPECTROGRAPHS, DATA PROCESSING, IMAGE RECONSTRUCTION, TOMOGRAPHY},
	year = 1995,
	month = aug,
	volume = {34},
	number = {22},
	pages = {4817-4826},
	doi = {10.1364/AO.34.004817},
	adsurl = {https://ui.adsabs.harvard.edu/abs/1995ApOpt..34.4817D},
	adsnote = {Provided by the SAO/NASA Astrophysics Data System}
}

@book{KakSlaney2001,
	title={Principles of Computerized Tomographic Imaging},
	author={Kak, A.C. and Slaney, M.},
	isbn={9780898714944},
	lccn={2001020475},
	series={Classics in Applied Mathematics},
	url={https://books.google.com/books?id=Z6RpVjb9\_lwC},
	year={2001},
	publisher={Society for Industrial and Applied Mathematics}
}
 